%% This BibTeX bibliography file was created using BibDesk.
%% https://bibdesk.sourceforge.io/

%% Created for Dogan, Erdal(AWF) at 2019-10-23 22:22:50 +0300 


%% Saved with string encoding Unicode (UTF-8) 



@electronic{rosetta,
	Date-Added = {2019-10-23 22:17:27 +0300},
	Date-Modified = {2019-10-23 22:22:49 +0300},
	Lastchecked = {23 October 2019},
	Title = {LU Decomposition},
	Url = {https://rosettacode.org/wiki/LU_decomposition}}
